<collection xmlns="http://www.loc.gov/MARC21/slim">
<record>
  <leader>01388nam0a22002771i 450 </leader>
  <controlfield tag="001">IT\ICCU\CNCE\061387</controlfield>
  <controlfield tag="005">20050922000000.0</controlfield>
  <datafield tag="012" ind1=" " ind2=" ">
    <subfield code="a">lei- +-si e-ra stpi (3) 1560 (A)</subfield>
    <subfield code="2">fei</subfield>
  </datafield>
  <datafield tag="100" ind1=" " ind2=" ">
    <subfield code="a">20050922d1560        0itac0103    ba</subfield>
  </datafield>
  <datafield tag="101" ind1=" " ind2=" ">
    <subfield code="a">ITA</subfield>
  </datafield>
  <datafield tag="102" ind1=" " ind2=" ">
    <subfield code="a">IT</subfield>
  </datafield>
  <datafield tag="200" ind1="1" ind2=" ">
    <subfield code="a">Ricettario vtilissimo et molto necessario a tutti gli spetiali, che uogliono preparar le medicine regolatamente, da diuersi et eccellenti medici riueduto &amp; approuato, et nuouamente corretto &amp; esposto con breuissime dichiarationi doue bisogna</subfield>
  </datafield>
  <datafield tag="210" ind1=" " ind2=" ">
    <subfield code="a">In Venetia</subfield>
    <subfield code="c">appresso Vincenzo Valgrisi</subfield>
    <subfield code="d">1560</subfield>
    <subfield code="e">In Vinegia</subfield>
    <subfield code="g">appresso Vincenzo Valgrisi</subfield>
    <subfield code="h">1560</subfield>
  </datafield>
  <datafield tag="215" ind1=" " ind2=" ">
    <subfield code="a">164, \10! c.</subfield>
    <subfield code="d">12ʻ</subfield>
  </datafield>
  <datafield tag="517" ind1="1" ind2=" ">
    <subfield code="3">IT\ICCU\CNCE\044001</subfield>
    <subfield code="a">Ricettario fiorentino</subfield>
  </datafield>
  <datafield tag="620" ind1=" " ind2=" ">
    <subfield code="a">IT</subfield>
    <subfield code="d">Venezia</subfield>
  </datafield>
  <datafield tag="710" ind1="0" ind2="2">
    <subfield code="a">Arte dei medici e speziali</subfield>
    <subfield code="c"> &lt;Firenze&gt;</subfield>
    <subfield code="3">IT\ICCU\CNCT\000914</subfield>
  </datafield>
  <datafield tag="712" ind1="0" ind2="0">
    <subfield code="a">Valgrisi, Vincenzo</subfield>
    <subfield code="3">IT\ICCU\CNCT\000062</subfield>
    <subfield code="4">650</subfield>
  </datafield>
  <datafield tag="791" ind1="0" ind2="0">
    <subfield code="a">Vaugris, Vincenzo</subfield>
    <subfield code="3">IT\ICCU\CNCT\002740</subfield>
    <subfield code="z">Valgrisi, Vincenzo</subfield>
  </datafield>
  <datafield tag="791" ind1="0" ind2="2">
    <subfield code="a">Officina Erasmiana</subfield>
    <subfield code="3">IT\ICCU\CNCT\002921</subfield>
    <subfield code="z">Valgrisi, Vincenzo</subfield>
  </datafield>
  <datafield tag="791" ind1="0" ind2="0">
    <subfield code="a">Valgrisius, Vincentius</subfield>
    <subfield code="3">IT\ICCU\CNCT\005845</subfield>
    <subfield code="z">Valgrisi, Vincenzo</subfield>
  </datafield>
  <datafield tag="791" ind1="0" ind2="0">
    <subfield code="a">Valgrisio, Vincenzo</subfield>
    <subfield code="3">IT\ICCU\CNCT\005846</subfield>
    <subfield code="z">Valgrisi, Vincenzo</subfield>
  </datafield>
  <datafield tag="801" ind1=" " ind2="3">
    <subfield code="a">IT</subfield>
    <subfield code="b">ICCU</subfield>
    <subfield code="c">20201115</subfield>
  </datafield>
  <datafield tag="899" ind1=" " ind2=" ">
    <subfield code="a">Biblioteca comunale. Fabriano</subfield>
    <subfield code="1">AN0033</subfield>
    <subfield code="2">URB BF</subfield>
  </datafield>
  <datafield tag="899" ind1=" " ind2=" ">
    <subfield code="a">Biblioteca universitaria. Pavia</subfield>
    <subfield code="1">PV0291</subfield>
    <subfield code="2">MIL UP</subfield>
  </datafield>
  <datafield tag="899" ind1=" " ind2=" ">
    <subfield code="a">Biblioteca Vallicelliana. Roma</subfield>
    <subfield code="1">RM0281</subfield>
    <subfield code="2">RML 08</subfield>
  </datafield>
</record>
</collection>
